@online{dice,
  author = {DICE},
  title = {DICE Project},
  year = 2016,
  url = {http://www.dice-h2020.eu/},
  urldate = {2017-10-02},
}
@online{dicetools,
  author = {DICE},
  title = {DICE Project Tools},
  year = 2016,
  url = {http://www.dice-h2020.eu/tools},
  urldate = {2017-10-02},
}
@online{bo4co,
  author = {Pooyan Jamshidi, Giuliano Casale},
  title = {An Uncertainty-Aware Approach to Optimal Configuration of Stream Processing Systems},
  year = 2015,
  url = {https://arxiv.org/pdf/1606.06543v1.pdf},
  urldate = {2017-10-02},
}
@online{bo4cogit,
  author = {Pooyan Jamshidi, Giuliano Casale, Matej Artač},
  title = {BO4CO: Bayesian Optimization for Configuration Optimization},
  year = 2017,
  url = {https://github.com/dice-project/DICE-Configuration-BO4CO},
  urldate = {2017-19-06},
}
@online{diced1,
  author = {Giuliano Casale, Tatiana Ustinova},
  title = {DICE: State of the Art Analysis},
  year = 2015,
  url = {http://wp.doc.ic.ac.uk/dice-h2020/wp-content/uploads/sites/75/2015/08/D1.1_State-of-the-art-analysis1.pdf},
  urldate = {2017-19-06},
}
@online{a,
  author = {Vernon Turner, John F. Gantz, David Reinsel},
  title = {The Digital Universe of Opportunities: Rich Data and the Increasing Value of the Internet of Things},
  url = {Report from IDC for EMC April 2014},
}
@online{b,
  author = {Sonia Buchholtz, Maciej Bukowski},
  title = {Big and open data in Europe - A growth engine or a missed opportunity?},
  year = 2014,
  url = {demosEUROPA},
}
@online{c,
  author = {BTO Research Technical Briefing},
  title = {‘DevOps@Unicredit},
  year = 2015,
}
@online{d,
  author = {Matt Weinberger},
  title = {DevOps explained: A philosophy of speed, not momentum},
}
@online{e,
  author = {Gartner},
  title = {‘Research Note‘},
}
@online{f,
  author = {Hüttermann, Michael},
  title = {DevOps for Developers’. Apress.},
  year = 2012,
}
@online{stormtut,
  author = {Apache Storm},
  title = {Tutorial},
  url = {http://storm.apache.org/releases/current/Tutorial.html},
  urldate = {2017-19-06},
}
@online{hudson,
  author = {Kohsuke Kawaguchi},
  title = {Hudson},
  url = {http://kohsuke.org/},
  urldate = {2017-19-06},
}
@online{pbuild,
  author = {Kohsuke Kawaguchi},
  title = {Parameterized Build},
  url = {https://wiki.jenkins-ci.org/display/JENKINS/Parameterized+Build},
  urldate = {2017-19-06},
}
@online{jenplug,
  author = {Jenkins},
  title = {Plugins Index},
  url = {https://plugins.jenkins.io/},
  urldate = {2017-19-06},
}
@online{eclipseide,
  author = {Eclipse},
  title = {Eclipse IDE},
  url = {http://www.eclipse.org/ide/},
  urldate = {2017-19-06},
}
@online{osgi,
  author = {OSGi},
  title = {OSGi Certified Products},
  url = {https://www.osgi.org/osgi-compliance/osgi-certification/osgi-certified-products/},
  urldate = {2017-19-06},
}
@online{eclipsemarket,
  author = {Eclipse},
  title = {Eclipse Marketplace},
  url = {https://marketplace.eclipse.org/},
  urldate = {2017-19-06},
}
@online{eclipsepkgs,
  author = {Eclipse},
  title = {Eclipse Packages},
  url = {https://www.eclipse.org/downloads/eclipse-packages/},
  urldate = {2017-19-06},
}
@online{mylyn,
  author = {Paul Verest},
  title = {Hudson/Jenkins Mylyn Builds Connector},
  url = {https://marketplace.eclipse.org/content/hudsonjenkins-mylyn-builds-connector},
  urldate = {2017-19-06},
}
@online{eclipsescreenshot,
  author = {jaks},
  title = {Eclipse says 'Class not found' even though the classes are available},
  url = {https://stackoverflow.com/questions/11077292/eclipse-says-class-not-found-even-though-the-classes-are-available},
  urldate = {2017-19-06},
}
@online{vogella,
  author = {vogella GmbH},
  title = {Eclipse IDE Plug-in Development: Plug-ins, Features, Update Sites and IDE Extensions},
  url = {http://www.vogella.com/tutorials/EclipsePlugin/article.html},
  urldate = {2017-19-06},
}
@online{swt,
  author = {Eclipse},
  title = {The Standard Widget Toolkit},
  url = {http://help.eclipse.org/neon/topic/org.eclipse.platform.doc.isv/guide/swt.htm?cp=2_0_7},
  urldate = {2017-19-06},
}
@online{swtwidget,
  author = {Eclipse},
  title = {Widgets},
  url = {http://help.eclipse.org/neon/topic/org.eclipse.platform.doc.isv/guide/swt_widgets.htm?cp=2_0_7_0},
  urldate = {2017-19-06},
}
@online{swtlayout,
  author = {Eclipse},
  title = {Layouts},
  url = {http://help.eclipse.org/neon/topic/org.eclipse.platform.doc.isv/guide/swt_layouts.htm?cp=2_0_7_1},
  urldate = {2017-19-06},
}
@online{swtcontrol,
  author = {Eclipse},
  title = {Controls},
  url = {http://help.eclipse.org/neon/topic/org.eclipse.platform.doc.isv/guide/swt_widgets_controls.htm?cp=2_0_7_0_0},
  urldate = {2017-19-06},
}
@online{swtevent,
  author = {Eclipse},
  title = {Events},
  url = {http://help.eclipse.org/neon/topic/org.eclipse.platform.doc.isv/guide/swt_widgets_events.htm?cp=2_0_7_0_1},
  urldate = {2017-19-06},
}
@online{swtwidgets,
  author = {Eclipse},
  title = {SWT Widgets},
  url = {http://www.eclipse.org/swt/widgets/},
  urldate = {2017-19-06},
}
@online{remoteapi,
  author = {Kohsuke Kawaguchi},
  title = {Remote access API},
  url = {https://wiki.jenkins-ci.org/display/JENKINS/Remote+access+API},
  urldate = {2017-19-06},
}
@online{stormconfig,
  author = {Apache Storm},
  title = {org.apache.storm: Class Config},
  url = {http://storm.apache.org/releases/2.0.0-SNAPSHOT/javadocs/org/apache/storm/Config.html},
  urldate = {2017-19-06},
}
@online{hadoopconfig,
  author = {Apache Hadoop},
  title = {core-default.xml},
  url = {https://hadoop.apache.org/docs/current/hadoop-project-dist/hadoop-common/core-default.xml},
  urldate = {2017-19-06},
}
@online{jface,
  author = {Wikipedia},
  title = {JFace},
  url = {https://en.wikipedia.org/wiki/JFace},
  urldate = {2017-19-06},
}
@online{2007,
  author = {Kevin},
  title = {Multiple select combo?},
  url = {http://www.eclipsezone.com/eclipse/forums/t100279.html},
  urldate = {2017-19-06},
}
@online{2015,
  author = {Suhail Ahmed Khan},
  title = {How to add a checkbox in a combo(Drop down) in java swt?},
  url = {https://stackoverflow.com/questions/31673121/how-to-add-a-checkbox-in-a-combodrop-down-in-java-swt},
  urldate = {2017-19-06},
}
@online{prev,
  author = {suxiaogang},
  title = {MultipleSelectionCombo.java},
  url = {https://gist.github.com/suxiaogang/6311176d2c5b9a8d1867},
  urldate = {2017-19-06},
}
@online{matlabjenkins,
  author = {Andy Campbell},
  title = {The Other Kind of Continuous Integration},
  url = {http://blogs.mathworks.com/developer/2015/01/20/the-other-kind-of-continuous-integration/},
  urldate = {2017-19-06},
}
@online{mcsc,
  author = {Derek Law},
  title = {SWTMultiCheckSelectionCombo},
  url = {https://github.com/lawhcd/SWTMultiCheckSelectionCombo},
  urldate = {2017-19-06},
}
@online{javadoc,
  author = {Derek Law},
  title = {Class MultiCheckSelectionCombo},
  url = {https://lawhcd.github.io/SWTMultiCheckSelectionCombo/},
  urldate = {2017-19-06},
}
@online{yaml,
  author = {Giuliano Casale},
  title = {expconfig.yaml},
  url = {https://github.com/dice-project/DICE-Configuration-BO4CO/blob/master/src/conf/expconfig.yaml},
  urldate = {2017-19-06},
}
@online{combo,
  author = {Eclipse},
  title = {org.eclipse.swt.widgets: Class Combo},
  url = {http://help.eclipse.org/kepler/index.jsp?topic=%2Forg.eclipse.platform.doc.isv%2Freference%2Fapi%2Forg%2Feclipse%2Fswt%2Fwidgets%2FCombo.html},
  urldate = {2017-19-06},
}